<?xml version="1.0" encoding="UTF-8"?>
<record xmlns="http://www.loc.gov/MARC21/slim" xmlns:xsi="http://www.w3.org/2001/XMLSchema-instance" xsi:schemaLocation="http://www.loc.gov/MARC21/slim http://www.loc.gov/standards/marcxml/schema/MARC21slim.xsd">
<leader>00000cam a22      a 4500</leader>
<controlfield tag="001">001676331</controlfield>
<controlfield tag="003">NNU</controlfield>
<controlfield tag="005">20150603174536.0</controlfield>
<controlfield tag="008">920721s1950    ua            000 0 arard</controlfield>
<datafield tag="035" ind1=" " ind2=" ">
<subfield code="a">(OCoLC)26227109</subfield>
</datafield>
<datafield tag="040" ind1=" " ind2=" ">
<subfield code="a">UUM</subfield>
<subfield code="b">eng</subfield>
<subfield code="c">UUM</subfield>
<subfield code="d">OCL</subfield>
<subfield code="d">OCLCG</subfield>
<subfield code="d">NYP</subfield>
<subfield code="d">OCLCF</subfield>
<subfield code="d">OCLCQ</subfield>
<subfield code="d">NNU</subfield>
</datafield>
<datafield tag="050" ind1=" " ind2="4">
<subfield code="a">BP166</subfield>
<subfield code="b">.I425 1950</subfield>
</datafield>
<datafield tag="100" ind1="1" ind2=" ">
<subfield code="6">880-01</subfield>
<subfield code="a">Ibn Rajab, ʻAbd al-Raḥmān ibn Aḥmad,</subfield>
<subfield code="d">1336-1393.</subfield>
</datafield>
<datafield tag="245" ind1="1" ind2="0">
<subfield code="6">880-02</subfield>
<subfield code="a">Taḥqīq kalimat al-ikhlās /</subfield>
<subfield code="c">taʼlīf Zayn al-Dīn Abī al-Faraj ʻAbd al-Raḥmān al-maʻarūf bi-Ibn Rajab al-Ḥanbalī ; ḥaqqaqahu wa- ḍabbaṭahu wa-ʻallaqa ʻalayhi Maḥmūd Khalīfah wa-Aḥmad al-Sharbāṣī.</subfield>
</datafield>
<datafield tag="260" ind1=" " ind2=" ">
<subfield code="6">880-03</subfield>
<subfield code="a">[al-Qāhirah] :</subfield>
<subfield code="b">Maṭbaʻat Miṣr,</subfield>
<subfield code="c">1950.</subfield>
</datafield>
<datafield tag="300" ind1=" " ind2=" ">
<subfield code="a">80 pages ;</subfield>
<subfield code="c">20 cm</subfield>
</datafield>
<datafield tag="336" ind1=" " ind2=" ">
<subfield code="a">text</subfield>
<subfield code="b">txt</subfield>
<subfield code="2">rdacontent</subfield>
</datafield>
<datafield tag="337" ind1=" " ind2=" ">
<subfield code="a">unmediated</subfield>
<subfield code="b">n</subfield>
<subfield code="2">rdamedia</subfield>
</datafield>
<datafield tag="338" ind1=" " ind2=" ">
<subfield code="a">volume</subfield>
<subfield code="b">nc</subfield>
<subfield code="2">rdacarrier</subfield>
</datafield>
<datafield tag="650" ind1=" " ind2="0">
<subfield code="a">Devotion.</subfield>
</datafield>
<datafield tag="650" ind1=" " ind2="0">
<subfield code="a">Islam</subfield>
<subfield code="x">Doctrines</subfield>
<subfield code="v">Early works to 1800.</subfield>
</datafield>
<datafield tag="650" ind1=" " ind2="7">
<subfield code="a">Devotion.</subfield>
<subfield code="2">fast</subfield>
<subfield code="0">(OCoLC)fst00892007</subfield>
</datafield>
<datafield tag="650" ind1=" " ind2="7">
<subfield code="a">Islam</subfield>
<subfield code="x">Doctrines.</subfield>
<subfield code="2">fast</subfield>
<subfield code="0">(OCoLC)fst00979787</subfield>
</datafield>
<datafield tag="655" ind1=" " ind2="7">
<subfield code="a">Early works.</subfield>
<subfield code="2">fast</subfield>
<subfield code="0">(OCoLC)fst01411636</subfield>
</datafield>
<datafield tag="700" ind1="1" ind2=" ">
<subfield code="6">880-04</subfield>
<subfield code="a">Khalīfah, Maḥmūd.</subfield>
</datafield>
<datafield tag="700" ind1="1" ind2=" ">
<subfield code="6">880-05</subfield>
<subfield code="a">Shurbāṣī, Aḥmad.</subfield>
</datafield>
<datafield tag="880" ind1="1" ind2=" ">
<subfield code="6">100-01/</subfield>
<subfield code="a">ابن رجب، عبد الرحمن بن أحمد،</subfield>
<subfield code="d">1336-1393.</subfield>
</datafield>
<datafield tag="880" ind1="1" ind2="0">
<subfield code="6">245-02/</subfield>
<subfield code="a">تحقيق كلمة الإخلاص /</subfield>
<subfield code="c">تأليف زين الدين أبي الفرج عبد الرحمن المعروف بابن رجب الحنبلي ؛ حققه وضبطه وعلق عليه محمود خليفة وأحمد شرباصي.</subfield>
</datafield>
<datafield tag="880" ind1=" " ind2=" ">
<subfield code="6">260-03/</subfield>
<subfield code="a">[القاهرة] :</subfield>
<subfield code="b">مطبعة مصر،</subfield>
<subfield code="c">١٩٥٠.</subfield>
</datafield>
<datafield tag="880" ind1="1" ind2=" ">
<subfield code="6">700-04/</subfield>
<subfield code="a">خليفة، محمود.</subfield>
</datafield>
<datafield tag="880" ind1="1" ind2=" ">
<subfield code="6">700-05/</subfield>
<subfield code="a">شرباصي، أحمد.</subfield>
</datafield>
<datafield tag="OWN" ind1=" " ind2=" ">
<subfield code="a">GENERAL</subfield>
</datafield>
<datafield tag="AVA" ind1=" " ind2=" ">
<subfield code="a">NYU50</subfield>
<subfield code="b">BOBST</subfield>
<subfield code="c">Main Collection</subfield>
<subfield code="d">BP134.F6 I3 1950</subfield>
<subfield code="e">unavailable</subfield>
<subfield code="t">Unavailable</subfield>
<subfield code="f">1</subfield>
<subfield code="g">1</subfield>
<subfield code="h">N</subfield>
<subfield code="i">0</subfield>
<subfield code="j">MAIN</subfield>
<subfield code="k">0</subfield>
</datafield>
</record>
